<?xml version="1.0" encoding="UTF-8"?><collection xmlns="http://www.loc.gov/MARC21/slim"><record><leader>00579nam--2200169-i-4500</leader><controlfield tag="001">000014741</controlfield><controlfield tag="002">20161230</controlfield><controlfield tag="005">20161230201031</controlfield><controlfield tag="008">060222s1000------------r-----000-0-eng-d</controlfield><datafield ind1=" " ind2=" " tag="040"><subfield code="a">IFIN-HH</subfield></datafield><datafield ind1=" " ind2=" " tag="080"><subfield code="a">539.23</subfield></datafield><datafield ind1="1" ind2=" " tag="100"><subfield code="a">Anderson, J.C</subfield></datafield><datafield ind1="1" ind2="0" tag="245"><subfield code="a">The use of thin films in physical investigations</subfield><subfield code="b">A nato advanced study institute held at the imperial college of science and technology, unversity of london, 19-24 july 1965</subfield><subfield code="c">J.c. anderson (ed.)</subfield></datafield><datafield ind1=" " ind2=" " tag="260"><subfield code="a">London</subfield><subfield code="b">Academic Press</subfield><subfield code="c">1966</subfield></datafield><datafield ind1=" " ind2=" " tag="300"><subfield code="a">XIX + 462 P</subfield></datafield><datafield ind1=" " ind2=" " tag="852"><subfield code="a">25707</subfield><subfield code="c">539.23</subfield></datafield><datafield ind1=" " ind2=" " tag="CAT"><subfield code="a">Sys</subfield><subfield code="c">20121214</subfield><subfield code="h">124653</subfield></datafield></record></collection>